@article{Berry15,
  author       = {Jonathan W. Berry and
                  Luke A. Fostvedt and
                  Daniel J. Nordman and
                  Cynthia A. Phillips and
                  C. Seshadhri and
                  Alyson G. Wilson},
  title        = {Why Do Simple Algorithms for Triangle Enumeration Work in the Real
                  World?},
  journal      = {Internet Math.},
  volume       = {11},
  number       = {6},
  pages        = {555--571},
  year         = {2015},
  url          = {https://doi.org/10.1080/15427951.2015.1037030},
  doi          = {10.1080/15427951.2015.1037030},
  timestamp    = {Thu, 07 Jul 2022 09:21:45 +0200},
  biburl       = {https://dblp.org/rec/journals/im/BerryFNPSW15.bib},
  bibsource    = {dblp computer science bibliography, https://dblp.org}
}